<record><leader>00000cas a22000007a 4500</leader><controlfield tag="001">24592613</controlfield><controlfield tag="008">911021d19771977maumr ne      0    0eng d</controlfield><datafield ind1=" " ind2=" " tag="010"><subfield code="a">sn 91058115 </subfield></datafield><datafield ind1=" " ind2=" " tag="040"><subfield code="a">MGN</subfield><subfield code="b">eng</subfield><subfield code="c">MGN</subfield><subfield code="d">OCLCQ</subfield></datafield><datafield ind1=" " ind2=" " tag="042"><subfield code="a">msc</subfield></datafield><datafield ind1="0" ind2=" " tag="130"><subfield code="a">Agawam advertiser (Agawam, Mass. : 1977)</subfield></datafield><datafield ind1="1" ind2="4" tag="245"><subfield code="a">The Agawam advertiser.</subfield></datafield><datafield ind1=" " ind2=" " tag="260"><subfield code="a">[Agawam, MA :</subfield><subfield code="b">s.n.]</subfield></datafield><datafield ind1=" " ind2=" " tag="300"><subfield code="a">v.</subfield></datafield><datafield ind1=" " ind2=" " tag="310"><subfield code="a">Monthly</subfield></datafield><datafield ind1="0" ind2=" " tag="362"><subfield code="a">Vol. 7, no. 1 (Aug. 18, 1977)-v. 7, no. 5 (Dec 15, 1977).</subfield></datafield><datafield ind1=" " ind2=" " tag="752"><subfield code="a">United States</subfield><subfield code="b">Massachusetts</subfield><subfield code="c">Hampden</subfield><subfield code="d">Agawam.</subfield></datafield><datafield ind1="0" ind2="0" tag="780"><subfield code="t">Advertiser (Agawam, Mass.)</subfield><subfield code="w">(DLC)sn 91058114</subfield></datafield><datafield ind1="0" ind2="0" tag="785"><subfield code="t">Agawam advertiser/news</subfield><subfield code="w">(DLC)sn 89062011</subfield></datafield></record>